@ARTICLE{dutta:secret,
	AUTHOR = "A. Dutta and D. Saha and D. Grunwald and and D. Sicker",
	TITLE = "Secret Agent Radio: Covert communication through dirty constellations",
	JOURNAL = {Lecture Notes in Computer Science},
	VOLUME = {7692},
	PAGES = {160–175},
	YEAR = {2013}	}

@ARTICLE{frikha:covert,
	AUTHOR = "L. Frikha and Z. Trabelsi",
	TITLE = "A new covert channel in wifi networks",
	JOURNAL = "Third International Conference on Risks and Security of Internet and Systems (CriSIS)",
	PAGES = {255–260},
	MONTH = "October",
	YEAR = {2008}	}

@ARTICLE{martins:attacks,
	AUTHOR = "D. Martins and H. Guyennet",
	TITLE = "Attacks with Steganography in PHY and MAC Layers of 802.15.4 Protocol",
	JOURNAL = "Fifth International Conference on Systems and Networks Communications (ICSNC)",
	PAGES = {31-36},
	MONTH = "August",
	YEAR = {2010}	}

@ARTICLE{kratze:wlan,
	AUTHOR = "C. Kratzer and J. Dittmann and A. Lang and and T. Kuhne",
	TITLE = "WLAN steganography: a first practical review",
	JOURNAL = "Proceedings of the 8th workshop on Multimedia and security",
	PAGES = {17–22},
	YEAR = {2006}	}

@ARTICLE{zander:survey,
	AUTHOR = "S. Zander and G. Armitage and and P. Branch",
	TITLE = "A Survey of Covert Channels and Countermeasures in Computer Network Protocols",
	JOURNAL = "Communications Surveys Tutorials and IEEE",
	PAGES = {44-57},
	YEAR = {2007}	}

@ARTICLE{pennington:overview,
	AUTHOR = "E. Pennington and W. Oblitey and S. Ezekiel and J. Wolfe",
	TITLE = "An Overview of Covert Channels",
	JOURNAL = ".",
	YEAR = {2006}	}

@ARTICLE{pennington:covert,
	AUTHOR = "E. Pennington and W. Oblitey and S. Ezekiel and J. Wolfe",
	TITLE = "Covert Channels: The Hidden Threat",
	JOURNAL = ".",
	YEAR = {2006}	}

@ARTICLE{berk:technical,
	AUTHOR = "Vincent Berk,Annarita Giani,George Cybenko",
	TITLE = "Technical Report TR2005-536",
	JOURNAL = ".",
	MONTH = "August",
	YEAR = {2005}	}

@ARTICLE{brumley:covert,
	AUTHOR = "Billy Bob Brumley ",
	TITLE = "Covert Timing Channels Caching and Cryptography ",
	JOURNAL = "DOCTORAL DISSERTATIONS of Aalto University",
	YEAR = {2011}	}